<record><leader>00000cas a22000007a 4500</leader><controlfield tag="001">26075290</controlfield><controlfield tag="008">920624d19011908nyuwr ne      0    0eng d</controlfield><datafield ind1=" " ind2=" " tag="010"><subfield code="a">sn 92061794 </subfield></datafield><datafield ind1=" " ind2=" " tag="040"><subfield code="a">NYS</subfield><subfield code="b">eng</subfield><subfield code="c">NYS</subfield><subfield code="d">OCLCQ</subfield></datafield><datafield ind1=" " ind2=" " tag="042"><subfield code="a">msc</subfield></datafield><datafield ind1="0" ind2=" " tag="130"><subfield code="a">Allegany County advocate (Angelica, N.Y. : 1901)</subfield></datafield><datafield ind1="1" ind2="0" tag="245"><subfield code="a">Allegany County advocate.</subfield></datafield><datafield ind1=" " ind2=" " tag="260"><subfield code="a">Angelica, N.Y. :</subfield><subfield code="b">Frank S. Blair</subfield></datafield><datafield ind1=" " ind2=" " tag="300"><subfield code="a">v.</subfield></datafield><datafield ind1=" " ind2=" " tag="310"><subfield code="a">Weekly</subfield></datafield><datafield ind1="1" ind2=" " tag="362"><subfield code="a">Began in 1901? Ceased in 1908?</subfield></datafield><datafield ind1=" " ind2=" " tag="588"><subfield code="a">Description based on: Vol. 1, no. 11 (Oct. 17, 1901).</subfield></datafield><datafield ind1=" " ind2="4" tag="651"><subfield code="a">Angelica (N.Y.)</subfield><subfield code="v">Newspapers.</subfield></datafield><datafield ind1=" " ind2="4" tag="651"><subfield code="a">Allegany County (N.Y.)</subfield><subfield code="v">Newspapers.</subfield></datafield><datafield ind1=" " ind2=" " tag="752"><subfield code="a">United States</subfield><subfield code="b">New York</subfield><subfield code="c">Allegany</subfield><subfield code="d">Angelica.</subfield></datafield><datafield ind1="0" ind2="0" tag="785"><subfield code="t">Angelica advocate</subfield><subfield code="w">(DLC)sn 84031242</subfield></datafield><datafield ind1="1" ind2=" " tag="029"><subfield code="a">AU@</subfield><subfield code="b">000020704367</subfield></datafield></record>